<record><leader>00000cas a2200000 a 4500</leader><controlfield tag="001">42343898</controlfield><controlfield tag="007">hd afb---bacp</controlfield><controlfield tag="008">811028d19181921ohuir nea     0   a0eng c</controlfield><datafield ind1=" " ind2=" " tag="010"><subfield code="a">  2014252021</subfield></datafield><datafield ind1=" " ind2=" " tag="040"><subfield code="a">Wa</subfield><subfield code="b">eng</subfield><subfield code="c">WRJ</subfield><subfield code="d">WAU</subfield><subfield code="d">OCLCF</subfield><subfield code="d">OCLCQ</subfield></datafield><datafield ind1=" " ind2=" " tag="042"><subfield code="a">pcc</subfield></datafield><datafield ind1=" " ind2=" " tag="043"><subfield code="a">n-us-wa</subfield></datafield><datafield ind1="0" ind2=" " tag="082"><subfield code="a">071.9776</subfield><subfield code="2">19</subfield></datafield><datafield ind1="0" ind2="0" tag="245"><subfield code="a">Monday-Wednesday-Friday Bremerton news.</subfield></datafield><datafield ind1="1" ind2="0" tag="246"><subfield code="a">Bremerton news</subfield></datafield><datafield ind1="1" ind2="7" tag="246"><subfield code="a">Three-times-a-week Bremerton news</subfield></datafield><datafield ind1=" " ind2="1" tag="264"><subfield code="a">Bremerton, Wash. :</subfield><subfield code="b">Bremerton News Pub. Co.</subfield></datafield><datafield ind1=" " ind2=" " tag="300"><subfield code="a">volumes :</subfield><subfield code="b">illustrations</subfield></datafield><datafield ind1=" " ind2=" " tag="310"><subfield code="a">Three times a week</subfield></datafield><datafield ind1=" " ind2=" " tag="336"><subfield code="a">text</subfield><subfield code="b">txt</subfield><subfield code="2">rdacontent</subfield></datafield><datafield ind1=" " ind2=" " tag="337"><subfield code="a">microform</subfield><subfield code="b">h</subfield><subfield code="2">rdamedia</subfield></datafield><datafield ind1=" " ind2=" " tag="338"><subfield code="a">microfilm reel</subfield><subfield code="b">hd</subfield><subfield code="2">rdacarrier</subfield></datafield><datafield ind1="1" ind2=" " tag="362"><subfield code="a">Began with: Vol. 18, no. 36 (Sept. 16, 1918); ceased with: v. 21, no. 53 (Oct. 14, 1921).</subfield></datafield><datafield ind1=" " ind2=" " tag="500"><subfield code="a">"For the promotion of Bremerton, the Puget Sound Navy Yard, and a greater Kitsap County."</subfield></datafield><datafield ind1=" " ind2=" " tag="588"><subfield code="a">Description based on: Vol. 18, no. 36 (Sept. 16, 1918); title from masthead.</subfield></datafield><datafield ind1=" " ind2=" " tag="588"><subfield code="a">Latest issue consulted: Vol. 21, no. 53 (Oct. 14, 1921).</subfield></datafield><datafield ind1=" " ind2=" " tag="533"><subfield code="a">Microfilm.</subfield><subfield code="b">Cleveland, Ohio :</subfield><subfield code="c">Bell &amp; Howell, Micro Photo Division.</subfield><subfield code="d">[19--].</subfield><subfield code="e">3 microfilm reels ; 35 mm.</subfield></datafield><datafield ind1=" " ind2="0" tag="651"><subfield code="a">Bremerton (Wash.)</subfield><subfield code="v">Newspapers.</subfield></datafield><datafield ind1=" " ind2="7" tag="651"><subfield code="a">Washington (State)</subfield><subfield code="z">Bremerton.</subfield><subfield code="2">fast</subfield><subfield code="0">(OCoLC)fst01215424</subfield></datafield><datafield ind1=" " ind2="7" tag="655"><subfield code="a">Newspapers.</subfield><subfield code="2">fast</subfield><subfield code="0">(OCoLC)fst01423814</subfield></datafield><datafield ind1=" " ind2=" " tag="752"><subfield code="a">United States</subfield><subfield code="b">Washington</subfield><subfield code="c">Kitsap</subfield><subfield code="d">Bremerton.</subfield></datafield><datafield ind1="1" ind2=" " tag="776"><subfield code="t">Monday-Wednesday-Friday Bremerton news</subfield><subfield code="w">(DLC)sn 88085544</subfield><subfield code="w">(OCoLC)17544426</subfield></datafield><datafield ind1="0" ind2="0" tag="780"><subfield code="t">Twice-a-week Bremerton news</subfield><subfield code="w">(DLC)  2014252020</subfield><subfield code="w">(OCoLC)878708827</subfield></datafield><datafield ind1="0" ind2="0" tag="785"><subfield code="t">Bremerton daily news</subfield><subfield code="w">(DLC)  2014252022</subfield><subfield code="w">(OCoLC)42343954</subfield></datafield></record>